% -----------------------------------------------------------
%                 The LHC and CMS
% -----------------------------------------------------------


@article{Mobs:2197559,
      author        = "Mobs, Esma",
      title         = "{The CERN accelerator complex. Complexe des
                       accélérateurs du CERN}",
      month         = "Jul",
      year          = "2016",
      url           = "http://cds.cern.ch/record/2197559",
      note          = "General Photo",
}

@article{Alici:2773265,
	author        = "Alici, A and Bomben, M and Dawson, I and Sonneveld, J",
	title         = "{The LHC machine and experiments}",
	pages         = "12 p",
	year          = "2021",
	url           = "http://cds.cern.ch/record/2773265",
	doi           = "10.23731/CYRM-2021-001.23",
}

@article{Karastathis:2750302,
	author        = "Karastathis, N and Barnes, M and Bartosik, H and
	Brodzinski, K and Buffat, X and Cerutti, F and Fartoukh, S
	and Goddard, B and Iadarola, G and Naour, S Le and Lechner,
	A and Heredia, J Maestre and Mereghetti, A and Metral, E
	and Missiaen, D and Mounet, N and Nuiry, F X and
	Papadopoulou, S and Papaphilippou, Y and Petersen, B and
	Rumolo, G and Salvant, B and Schwick, C and Camillocci, M
	Solfaroli and Sterbini, G and Timko, H and Garcia, R Tomas
	and Uythoven, J and Wenninger, J",
	title         = "{LHC Run 3 Configuration Working Group Report}",
	pages         = "273-284. 12 p",
	year          = "2019",
	url           = "http://cds.cern.ch/record/2750302",
}

@techreport{Fartoukh:2790409,
	author        = "Fartoukh, Stephane and Kostoglou, Sofia and Solfaroli
	Camillocci, Matteo and Arduini, Gianluigi and Bartosik,
	Hannes and Bracco, Chiara and Brodzinski, Krzysztof and
	Bruce, Roderik and Buffat, Xavier and Calviani, Marco and
	Cerutti, Francesco and Efthymiopoulos, Ilias and Goddard,
	Brennan and Iadarola, Giovanni and Karastathis, Nikos and
	Lechner, Anton and Metral, Elias and Mounet, Nicolas and
	Nuiry, Francois-Xavier and Papadopoulou, Parthena Stefania
	and Papaphilippou, Yannis and Petersen, Brian and Persson,
	Tobias Hakan Bjorn and Redaelli, Stefano and Rumolo,
	Giovanni and Salvant, Benoit and Sterbini, Guido and Timko,
	Helga and Tomas Garcia, Rogelio and Wenninger, Jorg",
	title         = "{LHC Configuration and Operational Scenario for Run 3}",
	institution   = "CERN",
	address       = "Geneva",
	reportNumber  = "CERN-ACC-2021-0007",
	month         = "Nov",
	year          = "2021",
	url           = "https://cds.cern.ch/record/2790409",
}

@book{Brüning:782076,
	author        = "Brüning, Oliver Sim and Collier, Paul and Lebrun, P and
	Myers, Stephen and Ostojic, Ranko and Poole, John and
	Proudlock, Paul",
	title         = "{LHC Design Report}",
	publisher     = "CERN",
	address       = "Geneva",
	series        = "CERN Yellow Reports: Monographs",
	year          = "2004",
	url           = "http://cds.cern.ch/record/782076",
	doi           = "10.5170/CERN-2004-003-V-1",
}

% -----------------------------------------------------------
%                   Deep Learning
% -----------------------------------------------------------

@book{DLiPR,
	author = {Erdmann, Martin and Glombitza, Jonas and Kasieczka, Gregor and Klemradt, Uwe},
	title = {Deep Learning for Physics Research},
	publisher = {WORLD SCIENTIFIC},
	year = {2021},
	doi = {10.1142/12294},
	address = {},
	edition   = {},
	URL = {https://www.worldscientific.com/doi/abs/10.1142/12294},
	eprint = {https://www.worldscientific.com/doi/pdf/10.1142/12294}
}

@misc{UAC,
	doi = {10.48550/ARXIV.1710.11278},
	
	url = {https://arxiv.org/abs/1710.11278},
	
	author = {Hanin, Boris and Sellke, Mark},
	
	keywords = {Machine Learning (stat.ML), Computational Complexity (cs.CC), Machine Learning (cs.LG), Combinatorics (math.CO), Statistics Theory (math.ST), FOS: Computer and information sciences, FOS: Computer and information sciences, FOS: Mathematics, FOS: Mathematics},
	
	title = {Approximating Continuous Functions by ReLU Nets of Minimal Width},
	
	publisher = {arXiv},
	
	year = {2017},
	
	copyright = {arXiv.org perpetual, non-exclusive license}
}
